<?xml version="1.0" encoding="utf-8"?>
<record xmlns="http://www.loc.gov/MARC21/slim" xmlns:xsi="http://www.w3.org/2001/XMLSchema-instance" xsi:schemaLocation="http://www.loc.gov/MARC21/slim http://www.loc.gov/standards/marcxml/schema/MARC21slim.xsd">
	<leader>     nam a22     Mi 4500</leader>
	<controlfield tag="001">1297710</controlfield>
	<controlfield tag="003">NjP</controlfield>
	<controlfield tag="006">m        d        </controlfield>
	<controlfield tag="007">cr cn |||m|||a</controlfield>
	<controlfield tag="008">191210q19341935ua      o     000 0 ara d</controlfield>
	<datafield ind1=" " ind2=" " tag="040">
		<subfield code="a">ZYU</subfield>
		<subfield code="b">ara</subfield>
		<subfield code="e">rda</subfield>
		<subfield code="c">ZYU</subfield>
	</datafield>
	<datafield ind1="1" ind2=" " tag="100">
		<subfield code="6">880-01</subfield>
		<subfield code="a">ʻAbd al-Qādir al-Jīlānī,</subfield>
		<subfield code="d">-1166.</subfield>
	</datafield>
	<datafield ind1="1" ind2="3" tag="245">
		<subfield code="6">880-02</subfield>
		<subfield code="a">al-Fuyūḍāt al-rabbānīyah fī al-maʼāthir wa-al-awrād al-Qādirīyah /</subfield>
		<subfield code="c">jamʻ wa-tartīb Ismāʻīl ibn Muḥammad Saʻīd al-Qādirī. Wa-yalīhi al-Qaṣīdah al-Khamrīyah allatī awwaluhā Saqānī al-ḥubb kāsāt al-wisāl, fa-qultu li-khamratī naḥwī taʻālī.</subfield>
	</datafield>
	<datafield ind1=" " ind2=" " tag="260">
		<subfield code="6">880-03</subfield>
		<subfield code="a">[Miṣr] :</subfield>
		<subfield code="b">[publisher not identified],</subfield>
		<subfield code="c">1353 [1934 or 1935]</subfield>
		<subfield code="e">(al-Qāhirah :</subfield>
		<subfield code="f">Muṣṭafá al-Bābī al-Ḥalabī)</subfield>
	</datafield>
	<datafield ind1=" " ind2=" " tag="300">
		<subfield code="a">online resource (206 pages)</subfield>
	</datafield>
	<datafield ind1=" " ind2=" " tag="336">
		<subfield code="a">text</subfield>
		<subfield code="2">rdacontent</subfield>
	</datafield>
	<datafield ind1=" " ind2=" " tag="337">
		<subfield code="a">computer</subfield>
		<subfield code="2">rdamedia</subfield>
	</datafield>
	<datafield ind1=" " ind2=" " tag="338">
		<subfield code="a">online resource</subfield>
		<subfield code="2">rdacarrier</subfield>
	</datafield>
	<datafield ind1=" " ind2=" " tag="500">
		<subfield code="a">Part of the Arabic Collections Online (ACO) project, contributed by Princeton University Libraries.</subfield>
	</datafield>
	<datafield ind1=" " ind2=" " tag="533">
		<subfield code="a">Electronic reproduction.</subfield>
		<subfield code="b">New York, N.Y. :</subfield>
		<subfield code="c">New York University,</subfield>
		<subfield code="d">2019.</subfield>
		<subfield code="5">NNU</subfield>
	</datafield>
	<datafield ind1="2" ind2=" " tag="710">
		<subfield code="a">Princeton University.</subfield>
		<subfield code="b">Library.</subfield>
	</datafield>
	<datafield ind1="0" ind2=" " tag="730">
		<subfield code="a">Arabic Collections Online.</subfield>
	</datafield>
	<datafield ind1="0" ind2="8" tag="776">
		<subfield code="i">Print version:</subfield>
		<subfield code="a">ʻAbd al-Qādir al-Jīlānī, -1166.</subfield>
		<subfield code="t">al-Fuyūḍāt al-rabbānīyah fī al-maʼāthir wa-al-awrād al-Qādirīyah</subfield>
		<subfield code="w">(NjP)1297710</subfield>
		<subfield code="w">(OCoLC)33994712</subfield>
	</datafield>
	<datafield ind1="4" ind2="0" tag="856">
		<subfield code="u">http://hdl.handle.net/2333.1/n5tb31n5</subfield>
	</datafield>
	<datafield ind1="1" ind2=" " tag="880">
		<subfield code="6">100-01</subfield>
		<subfield code="a">عبد القادر الجيلاني،‎</subfield>
		<subfield code="d">-1166.</subfield>
	</datafield>
	<datafield ind1="1" ind2="2" tag="880">
		<subfield code="6">245-02</subfield>
		<subfield code="a">الفيوضات الربانية في المآثر والأوراد القادرية /‎</subfield>
		<subfield code="c">جمع وترتيب اسماعيل بن محمد سعيد القادري. ويليه القصيدة الخمرية التي أولها سقاني الحب كاسات الوصال، فقلت لخمرتي نحوي تعال.‎</subfield>
	</datafield>
	<datafield ind1=" " ind2=" " tag="880">
		<subfield code="6">260-03</subfield>
		<subfield code="a">[مصر] :‎</subfield>
		<subfield code="b">[publisher not identified]،</subfield>
		<subfield code="c">1353 [1934 or 1935]</subfield>
		<subfield code="e">(القاهرة :‎</subfield>
		<subfield code="f">مصطفى البابي الحلبي)‎</subfield>
	</datafield>
	<datafield ind1=" " ind2=" " tag="959">
		<subfield code="a">NNU</subfield>
		<subfield code="b">WEB</subfield>
		<subfield code="c">GENI</subfield>
		<subfield code="t">0</subfield>
		<subfield code="m">Electronic access</subfield>
		<subfield code="s">01</subfield>
	</datafield>
	<datafield ind1=" " ind2=" " tag="999">
		<subfield code="i">NjP_1297710</subfield>
		<subfield code="o">(OCoLC)ocm33994712</subfield>
		<subfield code="s">princeton_aco003215</subfield>
		<subfield code="e">(ERROR-880)(ERROR-MISC)</subfield>
		<subfield code="s">princeton_aco003215</subfield>
	</datafield>
</record>
